@article{1810.09133,
Author = {Yuma Koizumi and Shoichiro Saito and Hisashi Uematsum Yuta Kawachi and Noboru Harada},
Title = {Unsupervised Detection of Anomalous Sound based on Deep Learning and the Neyman-Pearson Lemma},
Year = {2018},
Eprint = {arXiv:1810.09133},
Doi = {10.1109/TASLP.2018.2877258},
}
@inproceedings{Baskar2015StudyOD,
  title={Study of Different Denoising Methods for Underwater Acoustic Signal},
  author={Venkitasamy Baskar and V. Rajendran and E. Logashanmugam},
  year={2015}
}
@book{witten_1985,
  place={London},
  title={Principles of computer speech},
  publisher={Academic Press},
  author={Witten, I. H.},
  year={1985}
}
@ARTICLE{2014ASAJ,
   author = {{Shamir}, L. and {Yerby}, C. and {Simpson}, R. and {von Benda-Beckmann}, A.~M. and
        {Tyack}, P. and {Samarra}, F. and {Miller}, P. and {Wallin}, J.
        },
    title = "{Classification of large acoustic datasets using machine learning and crowdsourcing: Application to whale calls}",
  journal = {Acoustical Society of America Journal},
     year = 2014,
    month = feb,
   volume = 135,
    pages = {953-962},
      doi = {10.1121/1.4861348},
   adsurl = {http://adsabs.harvard.edu/abs/2014ASAJ..135..953S},
  adsnote = {Provided by the SAO/NASA Astrophysics Data System}
}
@misc{WHALESCORE,
  title = {Detection and Identification of Marine Mammals in Passive Acoustic Recordings from SCORE using a Visual Processing Approach Established for HARP Data},
  author = {Harris,, Elizabeth, A},
  year = {2012},
  URL = {https://calhoun.nps.edu/handle/10945/7354},
  publisher = {Calhoun}
}
@article{specsub2008,
author = {Cole, Cliston and Karam, Marc and Aglan, Heshmat},
year = {2008},
month = {04},
pages = {1146-1147},
title = {Noise Removal in Speech Processing Using Spectral Subtraction},
volume = {05},
booktitle = {Journal of Signal and Information Processing}
}
@inproceedings{Berouti1979EnhancementOS,
  title={Enhancement of speech corrupted by acoustic noise},
  author={Michael G. Berouti and Richard M. Schwartz and John Makhoul},
  booktitle={ICASSP},
  year={1979}
}
@article{welch1976,
author = {D. Welch, Peter},
year = {1967},
month = {07},
pages = {70 - 73},
title = {The Use of Fast Fourier Transform for the Estimation of Power Spectra: A Method Based on Time Averaging Over Short, Modified Periodograms},
volume = {15},
booktitle = {Audio and Electroacoustics, IEEE Transactions on}
}
@Misc{Jones2001,
  author =    {Eric Jones and Travis Oliphant and Pearu Peterson and others},
  title =     {{SciPy}: Open source scientific tools for {Python}},
  year =      {2001--},
  url = "http://www.scipy.org/",
}
@inproceedings{paszke2017automatic,
  title={Automatic Differentiation in {PyTorch}},
  author={Paszke, Adam and Gross, Sam and Chintala, Soumith and Chanan, Gregory and Yang, Edward and DeVito, Zachary and Lin, Zeming and Desmaison, Alban and Antiga, Luca and Lerer, Adam},
  booktitle={NeurIPS Autodiff Workshop},
  year={2017}
}